@article{2017The,
	title={The Case for Learned Index Structures},
	author={ Kraska, Tim  and  Beutel, Alex  and  Chi, Ed H  and  Dean, Jeffrey  and  Polyzotis, Neoklis },
	year={2017},
}
